@article{knuth1984,
  title={Literate Programming},
  author={Donald E. Knuth},
  journaltitle={The Computer Journal},
  volume={27},
  number={2},
  pages={97--111},
  year={1984},
  publisher={Oxford University Press}
}

@book{knuth1986,
  author = {Donald E. Knuth},
  year = {1986},
  title = {The \TeX{} Book},
  publisher = {Addison-Wesley Professional},
  location={Boston}
}

@book{liu2013,
  title={\LaTeX{} 入门},
  author={刘海洋},
  publisher={电子工业出版社},
  location={北京},
  year={2013}
}

@article{wangye, 
  author = {王烨}, 
  title = {深度学习图像识别技术在车辆检测及车型识别中的应用综述}, 
  journal = {信息与电脑(理论版)}, 
  volume = {33}, 
  number = {162-164}, 
  year = {2021}, 
  issn = {1003-9767}, 
  doi ={} 
}

@inproceedings{zhao2017pyramid,
  title={Pyramid scene parsing network},
  author={Zhao, Hengshuang and Shi, Jianping and Qi, Xiaojuan and Wang, Xiaogang and Jia, Jiaya},
  booktitle={Proceedings of the IEEE conference on computer vision and pattern recognition},
  pages={2881--2890},
  year={2017}
}

@article{秦飞巍2021无人驾驶中的场景实时语义分割方法,
  title={无人驾驶中的场景实时语义分割方法.},
  author={秦飞巍 and 沈希乐 and 彭勇 and 邵艳利 and 袁文强 and 计忠平 and 白静},
  journal={Journal of Computer-Aided Design \& Computer Graphics/Jisuanji Fuzhu Sheji Yu Tuxingxue Xuebao},
  volume={33},
  number={7},
  year={2021}
}

@article{everingham2010pascal,
  title={The pascal visual object classes (voc) challenge},
  author={Everingham, Mark and Van Gool, Luc and Williams, Christopher KI and Winn, John and Zisserman, Andrew},
  journal={International journal of computer vision},
  volume={88},
  pages={303--338},
  year={2010},
  publisher={Springer}
}

@inproceedings{kirillov2019panoptic,
  title={Panoptic feature pyramid networks},
  author={Kirillov, Alexander and Girshick, Ross and He, Kaiming and Doll{\'a}r, Piotr},
  booktitle={Proceedings of the IEEE/CVF conference on computer vision and pattern recognition},
  pages={6399--6408},
  year={2019}
}

@inproceedings{he2017mask,
  title={Mask r-cnn},
  author={He, Kaiming and Gkioxari, Georgia and Doll{\'a}r, Piotr and Girshick, Ross},
  booktitle={Proceedings of the IEEE international conference on computer vision},
  pages={2961--2969},
  year={2017}
}

@article{wu2019wider,
  title={Wider or deeper: Revisiting the resnet model for visual recognition},
  author={Wu, Zifeng and Shen, Chunhua and Van Den Hengel, Anton},
  journal={Pattern Recognition},
  volume={90},
  pages={119--133},
  year={2019},
  publisher={Elsevier}
}

@inproceedings{long2015fully,
  title={Fully convolutional networks for semantic segmentation},
  author={Long, Jonathan and Shelhamer, Evan and Darrell, Trevor},
  booktitle={Proceedings of the IEEE conference on computer vision and pattern recognition},
  pages={3431--3440},
  year={2015}
}

@article{li2018detnet,
  title={Detnet: A backbone network for object detection},
  author={Li, Zeming and Peng, Chao and Yu, Gang and Zhang, Xiangyu and Deng, Yangdong and Sun, Jian},
  journal={arXiv preprint arXiv:1804.06215},
  year={2018}
}

@article{chen2018searching,
  title={Searching for efficient multi-scale architectures for dense image prediction},
  author={Chen, Liang-Chieh and Collins, Maxwell and Zhu, Yukun and Papandreou, George and Zoph, Barret and Schroff, Florian and Adam, Hartwig and Shlens, Jon},
  journal={Advances in neural information processing systems},
  volume={31},
  year={2018}
}

@article{wang2018pelee,
  title={Pelee: A real-time object detection system on mobile devices},
  author={Wang, Robert J and Li, Xiang and Ling, Charles X},
  journal={Advances in neural information processing systems},
  volume={31},
  year={2018}
}

@inproceedings{chandan2018real,
  title={Real time object detection and tracking using Deep Learning and OpenCV},
  author={Chandan, G and Jain, Ayush and Jain, Harsh and others},
  booktitle={2018 International Conference on inventive research in computing applications (ICIRCA)},
  pages={1305--1308},
  year={2018},
  organization={IEEE}
}

@inproceedings{li2017fully,
  title={Fully convolutional instance-aware semantic segmentation},
  author={Li, Yi and Qi, Haozhi and Dai, Jifeng and Ji, Xiangyang and Wei, Yichen},
  booktitle={Proceedings of the IEEE conference on computer vision and pattern recognition},
  pages={2359--2367},
  year={2017}
}

@article{liu2020deep,
  title={Deep learning for generic object detection: A survey},
  author={Liu, Li and Ouyang, Wanli and Wang, Xiaogang and Fieguth, Paul and Chen, Jie and Liu, Xinwang and Pietik{\"a}inen, Matti},
  journal={International journal of computer vision},
  volume={128},
  pages={261--318},
  year={2020},
  publisher={Springer}
}